@Online{arduino,
  key    = {zweb:arduino},
  author = {{Arduino}},
  title  = {Arduino - Home},
  cited  = {2024-03-26},
  url    = {https://www.arduino.cc/},
}

@Book{kostelecky_geodeticka_astronomie,
  key       = {Geodetická astronomie 10, skripta},
  author    = {KABELÁČ, Josef and KOSTELECKÝ, Jan.},
  title     = {Geodetická astronomie 10. Vyd. 2},
  publisher = {České vysoké učení technické},
  year      = {2009},
  address   = {Praha}, 
  isbn      = {978-80-01-04322-6},
}

@Book{kostelecky_glob_poloh_sourad_syst_skripta,
  key       = {Globální polohové souřadnicové systémy, skripta},
  author    = {KOSTELECKÝ, Jakub},
  title     = {Globální polohové souřadnicové systémy},
  publisher = {České vysoké učení technické},
  year      = {2019},
  address   = {Praha}, 
  isbn      = {978-80-01-06571-6},
}

@Book{fixel_geodeticka_astronomie,
  key       = {Geodetická astronomie I. a základy kosmické geodézie, skripta},
  author    = {FIXEL, Jan.},
  title     = {Geodetická astronomie I. a základy kosmické geodézie},
  publisher = {VUTIUM},
  year      = {2000},
  address   = {Brno}, 
  isbn      = {80-214-1786-2},
}

@Online{pilik_casovy_normal,
  key         = {Časový normál},
  author      = {PILÍK, Martin.},
  title       = {Časový normál pro centralizovanou správu elektronických hodin.},
  year        = {Praha, 2018. Bakalářská práce, ČVUT},
  url         = {https://dspace.cvut.cz/handle/10467/73830},
}

@Online{havlicek_elektronicke_hodiny,
  key         = {Elektronické hodiny, bakalářská práce},
  author      = {HAVLÍČEK, David.},
  title       = {Elektronické hodiny.},
  year        = {Brno, 2022. Bakalářská práce, VUT},
  url         = {https://dspace.cvut.cz/handle/10467/73830},
}

@online{zeis_synchronizace_casu,
  key    = {Synchronizace času pro odloučená měřící stanoviště, bakalářská práce},
  author = {ZEIS, Zbyněk.},
  title  = {Synchronizace času pro odloučená měřící stanoviště},
  year        = {Plzeň, 2016. Bakalářská práce, ZČU},
  url         = {https://dspace5.zcu.cz/handle/11025/23073},
}

@Online{vyvoj_hw_poupa,
  key	   = {POUPA, Martin},
  author = {POUPA, Martin.},
  title  = {Vysílání časového signálu a DCF77},
  cited  = {2024-03-26},
  url    = {https://vyvoj.hw.cz/teorie-a-praxe/dokumentace/vysilani-casoveho-signalu-a-dcf77.html},
}

@Online{vyvoj_hw_andel,
  key    = {ANDĚL, Vladimír},
  author = {ANDĚL, Vladimír.},
  title  = {Smerování antén přijímačů DCF77},
  cited  = {2024-05-25},
  url    = {https://vyvoj.hw.cz/teorie-a-praxe/dokumentace/smerovani-anten-prijimacu-dcf-77.html},
}

@Online{fel_dcf77,
  key    = {zweb:fel_dcf77},
  author = {HRUŠKA, Ondřej.},
  title  = {Přijímač časové reference DCF77},
  url    = {https://embedded.fel.cvut.cz/sites/default/files/kurzy/lpe/radioclock_dcf77/LongWave_Time_Reference_DCF77.pdf},
  cited  = {2024-04-08},
}

@Online{ptb_2012,
  key	   = {zweb:ptb_2012},
  author = {{D. Piester, A. Bauch, J. Becker a A. Hoppmann}},
  title  = {Generation of UTC(PTB) as a fountain-clock based time scale},
  cited  = {2024-03-26},
  url    = {https://www.ptb.de/cms/fileadmin/internet/fachabteilungen/abteilung_4/4.4_zeit_und_frequenz/pdf/2012_Piester_ProcPTTI2011.pdf},
}

@Online{ptb_dcf77,
  key	   = {zweb:ptb_dcf77},
  author = {PIESTER, Dirk.},
  title  = {Reach of DCF77},
  cited  = {2024-03-26},
  url    = {https://www.ptb.de/cms/en/ptb/fachabteilungen/abt4/fb-44/ag-442/dissemination-of-legal-time/dcf77/reach-of-dcf77.html},
}

@Online{ntppool,
  key    = {zweb:ntppool},
  author = {{NTP Pool Project}},
  title  = {NTP Pool Project},
  url    = {https://www.ntppool.org/en/},
  cited  = {2024-04-07},
}

@Online{googlepublicntp,
    key     = {zweb:googlepublicntp},
    author  = {{Google}},
    title   = {Google Public NTP},
    url     = {https://developers.google.com/time},
    cited   = {2024-04-07},
}

@Online{hopf_dcf77,
  key    = {zweb:hopf_dcf77},
  author = {REGA, B.},
  title  = {How the DCF77-receiver works},
  url    = {https://timeserver.eu/dcf77-and-gps-comparison},
  cited  = {2024-04-08},
}

@Online{pollindcf1,
    key     = {zweb:pollindcf1},
    author  = {{Pollin Electronic}},
    title   = {DCF Empfangsmodul DCF1},
    url     = {https://www.pollin.de/p/dcf-empfangsmodul-dcf1-810054},
    cited   = {2024-04-07},
}

@Online{worldtimeapi,
    key = {zweb:worldtimeapi},
    author = {{World Time API}},
    title = {World Time API},
    url = {https://worldtimeapi.org/},
    cited = {2024-04-10},
}

@Online{dps_vyvojove_desky,
  key    = {zweb:dps_vyvojove_desky},
  author = {PATRICKS, Mark.},
  title  = {Vývojové desky: jaké byly, jsou a budou},
  url    = {https://www.dps-az.cz/clanky/id:92446/vyvojove-desky-jake-byly-jsou-a-budou},
  cited  = {2024-04-30},
}

@Online{arduino_navody,
  key    = {zweb:arduino_navody},
  author = {{Drátek}},
  title  = {Začínáme s Arduinem | Návody Drátek},
  url    = {https://navody.dratek.cz/zaciname-s-arduinem/},
  cited  = {2024-05-01},
}

@Online{dratek_web,
  key    = {dratek_web},
  author = {{Drátek}},
  title  = {Drátek.cz},
  url    = {https://dratek.cz/},
  cited  = {2024-05-01},
}

@Online{laskakit_web,
  key    = {laskakit_web},
  author = {{Laskakit}},
  title  = {LaskaKit.cz},
  url    = {https://www.laskakit.cz/},
  cited  = {2024-05-01},
}

@Online{ublox,
  key    = {zweb:ublox},
  author = {{u-blox}},
  title  = {u-blox 5 Protocol Specifications},
  cited     = {2024-05-23},
  url    = {https://www.sparkfun.com/datasheets/GPS/Modules/u-blox5_Protocol_Specifications%28GPS.G5-X-07036%29.pdf},
}

@Online{tps-dna,
  key    = {zweb:leica},
  author = {ADAMS, Mark},
  title  = {GSI ONLINE for Leica TPS and DNA},
  cited  = {2024-05-23},
  url    = {https://www.engineeringsurveyor.com/software/tps-dna-online_v114.pdf},
}

@Online{sparkfun-tutorial,
  key    = {zweb:sparkfun-tutorial},
  author = {BLOOM, Jim.},
  title  = {RS-232 vs. TTL Serial Communication},
  cited  = {2024-05-23},
  url    = {https://www.sparkfun.com/tutorials/215},
}

@Online{timetools,
  key    = {zweb:timetools_ntp},
  author = {SHINTON, Andrew.},
  title  = {How Accurate Is Network Time Protocol (NTP)?},
  url    = {https://timetoolsltd.com/ntp/ntp-timing-accuracy/},
  cited  = {2024-05-25},
}

@Online{gnss_store,
  key    = {GNSS Store},
  author = {{GNSS Store}},
  title  = {NEO-M8T TIME and RAW receiver board with SMA (RTK ready)},
  url    = {https://gnss.store/neo-m8t-timing-gnss-modules/284-ELT0332.html},
  cited  = {2024-05-25},
}
